<record><leader>00000cas a22000007a 4500</leader><controlfield tag="001">27994774</controlfield><controlfield tag="008">930428d18801981ctuwr ne      0    0eng d</controlfield><datafield ind1=" " ind2=" " tag="010"><subfield code="a">sn 93053953 </subfield></datafield><datafield ind1=" " ind2=" " tag="040"><subfield code="a">CNW</subfield><subfield code="b">eng</subfield><subfield code="c">CNW</subfield><subfield code="d">OCLCQ</subfield><subfield code="d">OCLCF</subfield><subfield code="d">OCLCO</subfield></datafield><datafield ind1=" " ind2=" " tag="042"><subfield code="a">msc</subfield></datafield><datafield ind1=" " ind2=" " tag="043"><subfield code="a">n-us-ct</subfield></datafield><datafield ind1="0" ind2=" " tag="130"><subfield code="a">Windsor Locks journal (Windsor Locks, Conn. : Windsor Locks ed.)</subfield></datafield><datafield ind1="1" ind2="4" tag="245"><subfield code="a">The Windsor Locks journal.</subfield></datafield><datafield ind1=" " ind2=" " tag="260"><subfield code="a">Windsor Locks, Conn. :</subfield><subfield code="b">S.T. Addis</subfield></datafield><datafield ind1=" " ind2=" " tag="300"><subfield code="a">v.</subfield></datafield><datafield ind1=" " ind2=" " tag="310"><subfield code="a">Weekly</subfield></datafield><datafield ind1="0" ind2=" " tag="362"><subfield code="a">Vol. 1, no. 1 (Apr. 30, 1880)-v. 61, no. 37 (Dec. 27, 1940) ; 61st year, no. 38 (Jan. 3, 1941)-94th year, no. 18 (Sept. 6, 1973) ; v. 94, no. 19 (Sept. 13, 1973)-v. 102, no. 13 (July 23, 1981).</subfield></datafield><datafield ind1=" " ind2=" " tag="500"><subfield code="a">Published in Windsor, Ct., Aug. 12, 1976-1981.</subfield></datafield><datafield ind1=" " ind2=" " tag="515"><subfield code="a">Issues for &lt;Jan. 4, 1907&gt;-Apr. 24, 1952 also called: Whole no. &lt;1391&gt;-3854.</subfield></datafield><datafield ind1=" " ind2=" " tag="580"><subfield code="a">Other ed. available: Windsor Locks journal (Windsor Locks, Conn. : Windsor ed.), Mar.-Sept. 6, 1973.</subfield></datafield><datafield ind1=" " ind2="0" tag="651"><subfield code="a">Windsor Locks (Conn.)</subfield><subfield code="v">Newspapers.</subfield></datafield><datafield ind1=" " ind2="0" tag="651"><subfield code="a">Windsor (Conn.)</subfield><subfield code="v">Newspapers.</subfield></datafield><datafield ind1=" " ind2="7" tag="655"><subfield code="a">Newspapers.</subfield><subfield code="2">fast</subfield><subfield code="0">(OCoLC)fst01423814</subfield></datafield><datafield ind1=" " ind2="7" tag="651"><subfield code="a">Connecticut</subfield><subfield code="z">Windsor.</subfield><subfield code="2">fast</subfield><subfield code="0">(OCoLC)fst01219073</subfield></datafield><datafield ind1=" " ind2="7" tag="651"><subfield code="a">Connecticut</subfield><subfield code="z">Windsor Locks.</subfield><subfield code="2">fast</subfield><subfield code="0">(OCoLC)fst01219258</subfield></datafield><datafield ind1=" " ind2=" " tag="752"><subfield code="a">United States</subfield><subfield code="b">Connecticut</subfield><subfield code="c">Hartford</subfield><subfield code="d">Windsor.</subfield></datafield><datafield ind1="1" ind2=" " tag="775"><subfield code="t">Windsor Locks journal (Windsor Locks, Conn. : Windsor ed.)</subfield><subfield code="w">(DLC)sn 93054163</subfield><subfield code="w">(OCoLC)29540585</subfield></datafield><datafield ind1="0" ind2="7" tag="785"><subfield code="t">Observer of Windsor Locks</subfield><subfield code="w">(DLC)sn 94053489</subfield><subfield code="w">(OCoLC)31757915</subfield></datafield><datafield ind1="0" ind2="7" tag="785"><subfield code="t">Windsor Locks journal observer</subfield><subfield code="w">(DLC)sn 93053954</subfield><subfield code="w">(OCoLC)27994785</subfield></datafield></record>